@misc{QMK,
	author = {QMK contributors},
	title = {?_title},
	note = {?_note},
	url = {},
}

@misc{VIA,
	author = {VIA contributors},
	title = {?_title},
	note = {?_note},
	url = {},
}


@misc{QMK_documentation,
	author = {QMK contributors},
	title = {?_title},
	note = {?_note},
	url = {},
}

@misc{VIA_documentation,
	author = {VIA contributors},
	title = {?_title},
	note = {?_note},
	url = {},
}
